@book{baumgartner:2002,
	title = {E-Learning Praxishandbuch : Auswahl von Lernplattformen; Marktübersicht, Funktionen, Fachbegriffe},
	author = {Baumgartner, Peter and Häfele, Hartmut and Maier-Häfele, Kornelia},
	address = {Innsbruck},
	publisher = {StudienVerl.},
	year = {2002},
	isbn = {3-7065-1771-X}
}

@TechReport{dreyfus:1980,
	author = {Stuard E. Dreyfus and Hubert L. Dreyfus},
	title = {A Five-Stage Model Of The Mental Activities Involved In Directed Skill Acquisition},
	institution = {University of California, Berkley},
	year = {1980},
	url = {http://www.dtic.mil/cgi-bin/GetTRDoc?AD=ADA084551&Location=U2&doc=GetTRDoc.pdf},
}

@Online{fsf:2007,
	author = {{Free Software Foundation}},
	title = {{GNU AFFERO GENERAL PUBLIC LICENSE}},
	url = {http://www.gnu.org/licenses/agpl-3.0.de.html},
	year = {2007}
}

@Unpublished{mustermann:2012,
	author = {Max Mustermann},
	title = {tolles Musterthema},
	year = {2012},
	address = {Musterstadt},
	note = {Studienarbeit}
}

@Online{oed:2021,
	author = {{Oxford University Press}},
	title = {{Oxford English Dictionary - Proof of concept}},
	url = {http://www.oed.com/},
	year = {2021}
}

@Online{fnt:2021,
	author = {{FNT GmbH}},
	title = {{FNT Software}},
	url = {https://www.fntsoftware.com/},
	year = {2021}
}

@Online{ts:2021,
	author = {{Microsoft}},
	title = {{TypeScript}},
	url = {https://www.typescriptlang.org/},
	year = {2021}
}

@book{ammann:2016,
  title={Introduction to software testing},
  author={Ammann, Paul and Offutt, Jeff},
  year={2016},
  publisher={Cambridge University Press},
  isbn={978-1107172012}
}

@book{myers:2011,
  title={The art of software testing},
  author={Myers, Glenford J and Sandler, Corey and Badgett, Tom},
  year={2011},
  publisher={John Wiley \& Sons},
  isbn={978-1118031964}
}

@book{witte:2019,
  title={Testmanagement und Softwaretest - Theoretische Grundlagen und praktische Umsetzung},
  author={Witte, Frank},
  year={2019},
  volume={2},
  publisher={Springer Vieweg},
  address={Wiesbaden},
  isbn={978-3-658-25087-4},
  doi={https://doi.org/10.1007/978-3-658-25087-4}
}

@book{desikan:2006,
  title={Software testing: principles and practice},
  author={Desikan, Srinivasan},
  year={2006},
  publisher={Pearson Education India},
  isbn= {978-8177581218}
}

@INPROCEEDINGS{contan:2018,  
  author={Contan, Andrei and Dehelean, Catalin and Miclea, Liviu},  
  booktitle={2018 IEEE International Conference on Automation, Quality and Testing, Robotics (AQTR)},   
  title={Test automation pyramid from theory to practice},   
  year={2018},  
  volume={},  
  number={},  
  pages={1-5},  
  doi={10.1109/AQTR.2018.8402699}
}

@Online{junit:2021,
  author = {{Stefan Bechtold u.a.}},
  title = {{JUnit 5 User Guide}},
  url = {https://junit.org/junit5/docs/current/user-guide/},
  year = {2021}
}
